# Encoding: UTF-8

@book{glob,
  title     = {Analiza 1},
  year      = {2010},
  series    = {Matematični rokopisi \textbf{25}},
  author    = {Josip Globevnik and Miha Brojan},
  publisher = {DMFA -- založništvo},
  address   = {Ljubljana}
}

@book{lang,
  year      = {1999},
  publisher = {Springer New York},
  author    = {Serge Lang},
  title     = {Fundamentals of Differential Geometry}
}

@article{zbornik,
  author    = {Sylvain E. Cappell and Julius L. Shaneson},
  journal   = {Annals of Mathematics},
  number    = {3},
  pages     = {539--552},
  publisher = {Annals of Mathematics},
  title     = {Singularities and Immersions},
  urldate   = {2023-01-01},
  volume    = {105},
  year      = {1977}
}

@book{kalisnik,
  title     = {Upodobitev orbiterosti: diplomsko delo : {Prešernova} nagrada študentom},
  author    = {Kališnik, J. and Mrčun, J.},
  url       = {https://books.google.si/books?id=yhI8NQAACAAJ},
  year      = {2004},
  publisher = {J. Kališnik}
}

@online{wiki,
  author  = {{Wikipedia contributors}},
  title   = {Matrix (mathematics) --- {Wikipedia}{,} The Free Encyclopedia},
  year    = {2022},
  url     = {https://en.wikipedia.org/w/index.php?title=Matrix_(mathematics)&oldid=1128559126},
  urldate = {2023-01-01},
  label   = {wiki}
}

@article{vec-avtorjev,
  title     = {Straight-line rectangular drawings of clustered graphs},
  author    = {Angelini, Patrizio and Frati, Fabrizio and Kaufmann, Michael},
  journal   = {Discrete Comput. Geom.},
  publisher = {Springer Science and Business Media LLC},
  volume    = 45,
  number    = 1,
  pages     = {88--140},
  month     = jan,
  year      = 2011,
  language  = {en}
}

%%%% mine


@article{murty-intro,
  author  = {M. Ram Murty},
  journal = {Indian Journal of Discrete Mathematics},
  number  = {2},
  pages   = {91--127},
  title   = {Ramanujan graphs: an introduction},
  url     = {https://mast.queensu.ca/~murty/RamanujanGraphs-IJDM.pdf},
  urldate = {2024-10-01},
  volume  = {6},
  year    = {2020}
}

%file:///home/tadej/library/math/magistrska/cheeger_chung.pdf
@inproceedings{chung-cheeger,
  author    = {Chung, Fan},
  booktitle = {ICCM},
  title     = {Four proofs for the Cheeger inequality and graph partition algorithms},
  volume    = {2},
  year      = {2007}
}

@article{alon-boppana-original,
  title    = {On the second eigenvalue of a graph},
  journal  = {Discrete Mathematics},
  volume   = {91},
  number   = {2},
  pages    = {207-210},
  year     = {1991},
  issn     = {0012-365X},
  doi      = {https://doi.org/10.1016/0012-365X(91)90112-F},
  url      = {https://www.sciencedirect.com/science/article/pii/0012365X9190112F},
  author   = {Alon Nilli},
  abstract = {It is shown that the second largest eigenvalue of the adjacency matrix of any d-regular graph G containing two edges the distance between which is at least 2k + 2 is at least 2d - 1 - (2d - 1 - 1)/(k+1).}
}

@article{lps-ramanujan,
  author  = {A. Lubotzky and R. Phillips and P. Sarnak},
  journal = {Combinatorica},
  number  = {8},
  title   = {Ramanujan Graphs},
  volume  = {3},
  year    = {1988},
  doi     = {https://doi.org/10.1007/BF02126799}
}

@thesis{polatajko,
  type    = {Diplomsko delo},
  author  = {Daniel Polatajko},
  url     = {https://dash.harvard.edu/handle/1/37364612},
  school  = {Harvard University},
  urldate = {2024-11-15},
  year    = {2019},
  month   = {3}
}

% ima dokaz da so lastne vrednosti v dvigu unija lv v A in As
@misc{bilu2004constructingexpandergraphs2lifts,
  title         = {Constructing expander graphs by 2-lifts and discrepancy vs. spectral gap},
  author        = {Yonatan Bilu and Nathan Linial},
  year          = {2004},
  eprint        = {math/0312022},
  archiveprefix = {arXiv},
  primaryclass  = {math.CO},
  url           = {https://arxiv.org/abs/math/0312022}
}

% ima dokaz da so LV v dvodelnih grafih simetrične (pg 46)
@book{godsil,
  title     = {Algebraic Combinatorics},
  author    = {Christopher D. Godsil},
  year      = {1993},
  publisher = {Chapman & Hall}
}